@MISC{twikiCMS,
      author    = "{CMS collaboration}",
      title     = "{Beyond 2 Generations Searches}",
      howpublished = "https://twiki.cern.ch/twiki/bin/view/CMSPublic/PhysicsResultsB2G"
}

@MISC{twikiATLAS,
      author    = "{ATLAS collaboration}",
      title     = "{Exotic Physics Searches}",
      howpublished = "https://twiki.cern.ch/twiki/bin/view/AtlasPublic/ExoticsPublicResults"
}



@article{Cacciapaglia:2011fx,
      author         = "Cacciapaglia, Giacomo and Deandrea, Aldo and Panizzi,
                        Luca and Gaur, Naveen and Harada, Daisuke and Okada,
                        Yasuhiro",
      title          = "{Heavy Vector-like Top Partners at the LHC and flavour
                        constraints}",
      journal        = "JHEP",
      volume         = "03",
      year           = "2012",
      pages          = "070",
      doi            = "10.1007/JHEP03(2012)070",
      eprint         = "1108.6329",
      archivePrefix  = "arXiv",
      primaryClass   = "hep-ph",
      reportNumber   = "KEK-TH-1470, LYCEN-2011-07, KCL-PH-TH-2011-15",
      SLACcitation   = "%%CITATION = ARXIV:1108.6329;%%"
}

@article{Cacciapaglia:2015ixa,
      author         = "Cacciapaglia, Giacomo and Deandrea, Aldo and Gaur, Naveen
                        and Harada, Daisuke and Okada, Yasuhiro and Panizzi, Luca",
      title          = "{Interplay of vector-like top partner multiplets in a
                        realistic mixing set-up}",
      journal        = "JHEP",
      volume         = "09",
      year           = "2015",
      pages          = "012",
      doi            = "10.1007/JHEP09(2015)012",
      eprint         = "1502.00370",
      archivePrefix  = "arXiv",
      primaryClass   = "hep-ph",
      reportNumber   = "KEK-TH-1729, LYCEN-2014-09",
      SLACcitation   = "%%CITATION = ARXIV:1502.00370;%%"
}


@article{Aaboud:2017qyi,
      author         = "Aaboud, Morad and others",
      title          = "{Measurement of differential cross-sections of a single
                        top quark produced in association with a $W$ boson at
                        $\sqrt{s}=13$ TeV with ATLAS}",
      collaboration  = "ATLAS",
      journal        = "Eur. Phys. J.",
      volume         = "C78",
      year           = "2018",
      number         = "3",
      pages          = "186",
      doi            = "10.1140/epjc/s10052-018-5649-8",
      eprint         = "1712.01602",
      archivePrefix  = "arXiv",
      primaryClass   = "hep-ex",
      reportNumber   = "CERN-EP-2017-221",
      SLACcitation   = "%%CITATION = ARXIV:1712.01602;%%"
}

@article{Khachatryan:2015pea,
      author         = "Khachatryan, Vardan and others",
      title          = "{Event generator tunes obtained from underlying event and
                        multiparton scattering measurements}",
      collaboration  = "CMS",
      journal        = "Eur. Phys. J.",
      volume         = "C76",
      year           = "2016",
      number         = "3",
      pages          = "155",
      doi            = "10.1140/epjc/s10052-016-3988-x",
      eprint         = "1512.00815",
      archivePrefix  = "arXiv",
      primaryClass   = "hep-ex",
      reportNumber   = "CMS-GEN-14-001, CERN-PH-EP-2015-291",
      SLACcitation   = "%%CITATION = ARXIV:1512.00815;%%"
}

@article{Ball:2014uwa,
      author         = "Ball, Richard D. and others",
      title          = "{Parton distributions for the LHC Run II}",
      collaboration  = "NNPDF",
      journal        = "JHEP",
      volume         = "04",
      year           = "2015",
      pages          = "040",
      doi            = "10.1007/JHEP04(2015)040",
      eprint         = "1410.8849",
      archivePrefix  = "arXiv",
      primaryClass   = "hep-ph",
      reportNumber   = "EDINBURGH-2014-15, IFUM-1034-FT, CERN-PH-TH-2013-253,
                        OUTP-14-11P, CAVENDISH-HEP-14-11",
      SLACcitation   = "%%CITATION = ARXIV:1410.8849;%%"
}


@article{Alwall:2014hca,
      author         = "Alwall, J. and Frederix, R. and Frixione, S. and Hirschi,
                        V. and Maltoni, F. and Mattelaer, O. and Shao, H. -S. and
                        Stelzer, T. and Torrielli, P. and Zaro, M.",
      title          = "{The automated computation of tree-level and
                        next-to-leading order differential cross sections, and
                        their matching to parton shower simulations}",
      journal        = "JHEP",
      volume         = "07",
      year           = "2014",
      pages          = "079",
      doi            = "10.1007/JHEP07(2014)079",
      eprint         = "1405.0301",
      archivePrefix  = "arXiv",
      primaryClass   = "hep-ph",
      reportNumber   = "CERN-PH-TH-2014-064, CP3-14-18, LPN14-066, MCNET-14-09,
                        ZU-TH-14-14",
      SLACcitation   = "%%CITATION = ARXIV:1405.0301;%%"
}


@article{Charles:2004jd,
      author         = "Charles, J. and H{\"o}cker, Andreas and Lacker, H. and
                        Laplace, S. and Le Diberder, F. R. and Malcles, J. and
                        Ocariz, J. and Pivk, M. and Roos, L.",
      title          = "{CP violation and the CKM matrix: Assessing the impact of
                        the asymmetric $B$ factories}",
      collaboration  = "CKMfitter Group",
      journal        = "Eur. Phys. J.",
      volume         = "C41",
      year           = "2005",
      number         = "1",
      pages          = "1-131",
      doi            = "10.1140/epjc/s2005-02169-1",
      eprint         = "hep-ph/0406184",
      archivePrefix  = "arXiv",
      primaryClass   = "hep-ph",
      reportNumber   = "CPT-2004-P-030, LAL-04-21, LAPP-EXP-2004-01,
                        LPNHE-2004-01",
      SLACcitation   = "%%CITATION = HEP-PH/0406184;%%"
}

@article{Patrignani:2016xqp,
      author         = "Patrignani, C. and others",
      title          = "{Review of Particle Physics}",
      collaboration  = "Particle Data Group",
      journal        = "Chin. Phys.",
      volume         = "C40",
      year           = "2016",
      number         = "10",
      pages          = "100001",
      doi            = "10.1088/1674-1137/40/10/100001",
      SLACcitation   = "%%CITATION = CHPHD,C40,100001;%%"
}

@article{Charles:2015gya,
      author         = "Charles, J. and others",
      title          = "{Current status of the Standard Model CKM fit and
                        constraints on $\Delta F=2$ New Physics}",
      journal        = "Phys. Rev.",
      volume         = "D91",
      year           = "2015",
      number         = "7",
      pages          = "073007",
      doi            = "10.1103/PhysRevD.91.073007",
      eprint         = "1501.05013",
      archivePrefix  = "arXiv",
      primaryClass   = "hep-ph",
      reportNumber   = "LPT-ORSAY-15-04",
      SLACcitation   = "%%CITATION = ARXIV:1501.05013;%%"
}

@misc{utfit,
  collaboration  = "UTfit",
  howpublished          = {http://www.utfit.org/UTfit/ResultsSummer2016SM}
}


@article{Swain:1997mx,
      author         = "Swain, John and Taylor, Lucas",
      title          = "{First determination of the quark mixing matrix element
                        $V_{tb}$ independent of assumptions of unitarity}",
      journal        = "Phys. Rev.",
      volume         = "D58",
      year           = "1998",
      pages          = "093006",
      doi            = "10.1103/PhysRevD.58.093006",
      eprint         = "hep-ph/9712420",
      archivePrefix  = "arXiv",
      primaryClass   = "hep-ph",
      SLACcitation   = "%%CITATION = HEP-PH/9712420;%%"
}

@article{Abazov:2008yn,
      author         = "Abazov, V. M. and others",
      title          = "{Simultaneous measurement of the ratio B($t\to Wb$)
                        /B($t\to Wq$) and the top quark pair production cross
                        section with the D0 detector at $\sqrt{s}$ = 1.96 TeV}",
      collaboration  = "D0",
      journal        = "Phys. Rev. Lett.",
      volume         = "100",
      year           = "2008",
      pages          = "192003",
      doi            = "10.1103/PhysRevLett.100.192003",
      eprint         = "0801.1326",
      archivePrefix  = "arXiv",
      primaryClass   = "hep-ex",
      reportNumber   = "FERMILAB-PUB-08-010-E",
      SLACcitation   = "%%CITATION = ARXIV:0801.1326;%%"
}

@article{Jezabek:1988iv,
      author         = "Jezabek, M. and Kuhn, Johann H.",
      title          = "{QCD Corrections to Semileptonic Decays of Heavy Quarks}",
      journal        = "Nucl. Phys.",
      volume         = "B314",
      year           = "1989",
      pages          = "1-6",
      doi            = "10.1016/0550-3213(89)90108-9",
      reportNumber   = "MPI-PAE/PTh-16/88",
      SLACcitation   = "%%CITATION = NUPHA,B314,1;%%"
}

@article{Lacker:2012ek,
      author         = "Lacker, H. and Menzel, A. and Spettel, F. and Hirschbuhl,
                        D. and Luck, J. and Maltoni, F. and Wagner, W. and Zaro,
                        M.",
      title          = "{Model-independent extraction of $|V_{tq}|$ matrix
                        elements from top-quark measurements at hadron colliders}",
      journal        = "Eur. Phys. J.",
      volume         = "C72",
      year           = "2012",
      pages          = "2048",
      doi            = "10.1140/epjc/s10052-012-2048-4",
      eprint         = "1202.4694",
      archivePrefix  = "arXiv",
      primaryClass   = "hep-ph",
      reportNumber   = "CP3-12-01",
      SLACcitation   = "%%CITATION = ARXIV:1202.4694;%%"
}

@article{Alwall:2006bx,
      author         = "Alwall, Johan and Frederix, R. and G\'erard, J. -M. and
                        Giammanco, A. and Herquet, M. and Kalinin, S. and Kou, E.
                        and Lemaitre, V. and Maltoni, F.",
      title          = "{Is V($_{tb}$) $\simeq$ 1?}",
      journal        = "Eur. Phys. J.",
      volume         = "C49",
      year           = "2007",
      pages          = "791-801",
      doi            = "10.1140/epjc/s10052-006-0137-y",
      eprint         = "hep-ph/0607115",
      archivePrefix  = "arXiv",
      primaryClass   = "hep-ph",
      reportNumber   = "CP3-06-01",
      SLACcitation   = "%%CITATION = HEP-PH/0607115;%%"
}


@article{Alvarez:2017ybk,
      author         = "Alvarez, Ezequiel and Da Rold, Leandro and Estevez,
                        Mariel and Kamenik, Jernej F.",
      title          = "{Measuring $|V_{td}|$ at LHC}",
      year           = "2017",
      eprint         = "1709.07887",
      archivePrefix  = "arXiv",
      primaryClass   = "hep-ph",
      reportNumber   = "ICAS-030-17",
      SLACcitation   = "%%CITATION = ARXIV:1709.07887;%%"
}

@article{AguilarSaavedra:2010wf,
      author         = "Aguilar-Saavedra, J. A. and Onofre, A.",
      title          = "{Using Single Top Rapidity to Measure $V_{td}$, $V_{ts}$,
                        $V_{tb}$ at Hadron Colliders}",
      journal        = "Phys. Rev.",
      volume         = "D83",
      year           = "2011",
      pages          = "073003",
      doi            = "10.1103/PhysRevD.83.073003",
      eprint         = "1002.4718",
      archivePrefix  = "arXiv",
      primaryClass   = "hep-ph",
      SLACcitation   = "%%CITATION = ARXIV:1002.4718;%%"
}


@article{Cabibbo:1963yz,
      author         = "Cabibbo, Nicola",
      title          = "{Unitary Symmetry and Leptonic Decays}",
      booktitle      = "{Meeting of the Italian School of Physics and Weak
                        Interactions Bologna, Italy, April 26-28, 1984}",
      journal        = "Phys. Rev. Lett.",
      volume         = "10",
      year           = "1963",
      pages          = "531-533",
      doi            = "10.1103/PhysRevLett.10.531",
      note           = "[,648(1963)]",
      SLACcitation   = "%%CITATION = PRLTA,10,531;%%"
}


@article{Kidonakis:2011wy,
      author         = "Kidonakis, Nikolaos",
      title          = "{Next-to-next-to-leading-order collinear and soft gluon
                        corrections for t-channel single top quark production}",
      journal        = "Phys. Rev.",
      volume         = "D83",
      year           = "2011",
      pages          = "091503",
      doi            = "10.1103/PhysRevD.83.091503",
      eprint         = "1103.2792",
      archivePrefix  = "arXiv",
      primaryClass   = "hep-ph",
      SLACcitation   = "%%CITATION = ARXIV:1103.2792;%%"
}

@article{Aad:2014fwa,
      author         = "Aad, Georges and others",
      title          = "{Comprehensive measurements of $t$-channel single
                        top-quark production cross sections at $\sqrt{s} = 7$ TeV
                        with the ATLAS detector}",
      collaboration  = "ATLAS",
      journal        = "Phys. Rev.",
      volume         = "D90",
      year           = "2014",
      number         = "11",
      pages          = "112006",
      doi            = "10.1103/PhysRevD.90.112006",
      eprint         = "1406.7844",
      archivePrefix  = "arXiv",
      primaryClass   = "hep-ex",
      reportNumber   = "CERN-PH-EP-2014-133",
      SLACcitation   = "%%CITATION = ARXIV:1406.7844;%%"
}

@article{Aaboud:2017pdi,
      author         = "Aaboud, Morad and others",
      title          = "{Fiducial, total and differential cross-section
                        measurements of $t$-channel single top-quark production in
                        $pp$ collisions at 8 TeV using data collected by the
                        ATLAS detector}",
      collaboration  = "ATLAS",
      journal        = "Eur. Phys. J.",
      volume         = "C77",
      year           = "2017",
      number         = "8",
      pages          = "531",
      doi            = "10.1140/epjc/s10052-017-5061-9",
      eprint         = "1702.02859",
      archivePrefix  = "arXiv",
      primaryClass   = "hep-ex",
      reportNumber   = "CERN-EP-2016-223",
      SLACcitation   = "%%CITATION = ARXIV:1702.02859;%%"
}

@article{Aaboud:2016ymp,
      author         = "Aaboud, Morad and others",
      title          = "{Measurement of the inclusive cross-sections of single
                        top-quark and top-antiquark $t$-channel production in $pp$
                        collisions at $\sqrt{s}$ = 13 TeV with the ATLAS
                        detector}",
      collaboration  = "ATLAS",
      journal        = "JHEP",
      volume         = "04",
      year           = "2017",
      pages          = "086",
      doi            = "10.1007/JHEP04(2017)086",
      eprint         = "1609.03920",
      archivePrefix  = "arXiv",
      primaryClass   = "hep-ex",
      reportNumber   = "CERN-EP-2016-197",
      SLACcitation   = "%%CITATION = ARXIV:1609.03920;%%"
}

@article{Chatrchyan:2012ep,
      author         = "Chatrchyan, Serguei and others",
      title          = "{Measurement of the single-top-quark $t$-channel cross
                        section in $pp$ collisions at $\sqrt{s}=7$ TeV}",
      collaboration  = "CMS",
      journal        = "JHEP",
      volume         = "12",
      year           = "2012",
      pages          = "035",
      doi            = "10.1007/JHEP12(2012)035",
      eprint         = "1209.4533",
      archivePrefix  = "arXiv",
      primaryClass   = "hep-ex",
      reportNumber   = "CMS-TOP-11-021, CERN-PH-EP-2012-274",
      SLACcitation   = "%%CITATION = ARXIV:1209.4533;%%"
}

@article{Khachatryan:2014iya,
      author         = "Khachatryan, Vardan and others",
      title          = "{Measurement of the t-channel single-top-quark production
                        cross section and of the $\mid V_{tb} \mid$ CKM matrix
                        element in pp collisions at $\sqrt{s}$= 8 TeV}",
      collaboration  = "CMS",
      journal        = "JHEP",
      volume         = "06",
      year           = "2014",
      pages          = "090",
      doi            = "10.1007/JHEP06(2014)090",
      eprint         = "1403.7366",
      archivePrefix  = "arXiv",
      primaryClass   = "hep-ex",
      reportNumber   = "CMS-TOP-12-038, CERN-PH-EP-2014-032",
      SLACcitation   = "%%CITATION = ARXIV:1403.7366;%%"
}

@article{Sirunyan:2016cdg,
      author         = "Sirunyan, Albert M and others",
      title          = "{Cross section measurement of $t$-channel single top
                        quark production in pp collisions at $\sqrt s =$ 13 TeV}",
      collaboration  = "CMS",
      journal        = "Phys. Lett.",
      volume         = "B772",
      year           = "2017",
      pages          = "752-776",
      doi            = "10.1016/j.physletb.2017.07.047",
      eprint         = "1610.00678",
      archivePrefix  = "arXiv",
      primaryClass   = "hep-ex",
      reportNumber   = "CMS-TOP-16-003, CERN-EP-2016-233",
      SLACcitation   = "%%CITATION = ARXIV:1610.00678;%%"
}

@article{Aaltonen:2014mza,
      author         = "Aaltonen, Timo Antero and others",
      title          = "{Updated Measurement of the Single Top Quark Production
                        Cross Section and $V_{tb}$ in the Missing Transverse Energy
                        Plus Jets Topology in $p\bar{p}$ Collisions at $\sqrt{s} =
                        1.96$ TeV}",
      collaboration  = "CDF",
      journal        = "Phys. Rev.",
      volume         = "D93",
      year           = "2016",
      number         = "3",
      pages          = "032011",
      doi            = "10.1103/PhysRevD.93.032011",
      eprint         = "1410.4909",
      archivePrefix  = "arXiv",
      primaryClass   = "hep-ex",
      reportNumber   = "FERMILAB-PUB-14-398-E",
      SLACcitation   = "%%CITATION = ARXIV:1410.4909;%%"
}

@article{Abazov:2011rz,
      author         = "Abazov, Victor Mukhamedovich and others",
      title          = "{Model-independent measurement of $t$-channel single top
                        quark production in $p\bar{p}$ collisions at
                        $\sqrt{s}=1.96$ TeV}",
      collaboration  = "D0",
      journal        = "Phys. Lett.",
      volume         = "B705",
      year           = "2011",
      pages          = "313-319",
      doi            = "10.1016/j.physletb.2011.10.035",
      eprint         = "1105.2788",
      archivePrefix  = "arXiv",
      primaryClass   = "hep-ex",
      reportNumber   = "FERMILAB-PUB-11-216-E",
      SLACcitation   = "%%CITATION = ARXIV:1105.2788;%%"
}

@article{Chatrchyan:2012zca,
      author         = "Chatrchyan, Serguei and others",
      title          = "{Evidence for associated production of a single top quark
                        and W boson in $pp$ collisions at $\sqrt{s}$ = 7 TeV}",
      collaboration  = "CMS",
      journal        = "Phys. Rev. Lett.",
      volume         = "110",
      year           = "2013",
      pages          = "022003",
      doi            = "10.1103/PhysRevLett.110.022003",
      eprint         = "1209.3489",
      archivePrefix  = "arXiv",
      primaryClass   = "hep-ex",
      reportNumber   = "CMS-TOP-11-022, CERN-PH-EP-2012-266",
      SLACcitation   = "%%CITATION = ARXIV:1209.3489;%%"
}


@article{Chatrchyan:2014tua,
      author         = "Chatrchyan, Serguei and others",
      title          = "{Observation of the associated production of a single top
                        quark and a $W$ boson in $pp$ collisions at $\sqrt s = $8
                        TeV}",
      collaboration  = "CMS",
      journal        = "Phys. Rev. Lett.",
      volume         = "112",
      year           = "2014",
      number         = "23",
      pages          = "231802",
      doi            = "10.1103/PhysRevLett.112.231802",
      eprint         = "1401.2942",
      archivePrefix  = "arXiv",
      primaryClass   = "hep-ex",
      reportNumber   = "CMS-TOP-12-040, CERN-PH-EP-2013-237",
      SLACcitation   = "%%CITATION = ARXIV:1401.2942;%%"
}

@article{Aaboud:2016lpj,
      author         = "Aaboud, Morad and others",
      title          = "{Measurement of the cross-section for producing a $W$
                        boson in association with a single top quark in $pp$
                        collisions at $\sqrt{s}={13} \text{TeV}$ with ATLAS}",
      collaboration  = "ATLAS",
      year           = "2016",
      eprint         = "1612.07231",
      archivePrefix  = "arXiv",
      primaryClass   = "hep-ex",
      reportNumber   = "CERN-EP-2016-238",
      SLACcitation   = "%%CITATION = ARXIV:1612.07231;%%"
}

@article{Aad:2015eto,
      author         = "Aad, Georges and others",
      title          = "{Measurement of the production cross-section of a single
                        top quark in association with a $W$ boson at 8 TeV with
                        the ATLAS experiment}",
      collaboration  = "ATLAS",
      journal        = "JHEP",
      volume         = "01",
      year           = "2016",
      pages          = "064",
      doi            = "10.1007/JHEP01(2016)064",
      eprint         = "1510.03752",
      archivePrefix  = "arXiv",
      primaryClass   = "hep-ex",
      reportNumber   = "CERN-PH-EP-2015-230",
      SLACcitation   = "%%CITATION = ARXIV:1510.03752;%%"
}

@article{Aad:2012xca,
      author         = "Aad, Georges and others",
      title          = "{Evidence for the associated production of a $W$ boson
                        and a top quark in ATLAS at $\sqrt{s}=7$ TeV}",
      collaboration  = "ATLAS",
      journal        = "Phys. Lett.",
      volume         = "B716",
      year           = "2012",
      pages          = "142-159",
      doi            = "10.1016/j.physletb.2012.08.011",
      eprint         = "1205.5764",
      archivePrefix  = "arXiv",
      primaryClass   = "hep-ex",
      reportNumber   = "CERN-PH-EP-2012-117",
      SLACcitation   = "%%CITATION = ARXIV:1205.5764;%%"
}

@article{Khachatryan:2014nda,
      author         = "Khachatryan, Vardan and others",
      title          = "{Measurement of the ratio $\mathcal B(t \to Wb)/\mathcal
                        B(t \to Wq)$ in pp collisions at $\sqrt{s}$ = 8 TeV}",
      collaboration  = "CMS",
      journal        = "Phys. Lett.",
      volume         = "B736",
      year           = "2014",
      pages          = "33-57",
      doi            = "10.1016/j.physletb.2014.06.076",
      eprint         = "1404.2292",
      archivePrefix  = "arXiv",
      primaryClass   = "hep-ex",
      reportNumber   = "CMS-TOP-12-035, CERN-PH-EP-2014-052",
      SLACcitation   = "%%CITATION = ARXIV:1404.2292;%%"
}

@article{Abazov:2011zk,
      author         = "Abazov, V. M. and others",
      title          = "{Precision measurement of the ratio ${\rm B}(t \to
                        Wb)/{\rm B}(t \to Wq)$ and Extraction of $V_{tb}$}",
      collaboration  = "D0",
      journal        = "Phys. Rev. Lett.",
      volume         = "107",
      year           = "2011",
      pages          = "121802",
      doi            = "10.1103/PhysRevLett.107.121802",
      eprint         = "1106.5436",
      archivePrefix  = "arXiv",
      primaryClass   = "hep-ex",
      reportNumber   = "FERMILAB-PUB-11-300-E",
      SLACcitation   = "%%CITATION = ARXIV:1106.5436;%%"
}

@article{Aaltonen:2014yua,
      author         = "Aaltonen, Timo Antero and others",
      title          = "{Measurement of $B(t \to Wb)/B(t \to Wq)$ in
                        Top-Quark-Pair Decays Using Dilepton Events and the Full
                        CDF Run II Data Set}",
      collaboration  = "CDF",
      journal        = "Phys. Rev. Lett.",
      volume         = "112",
      year           = "2014",
      number         = "22",
      pages          = "221801",
      doi            = "10.1103/PhysRevLett.112.221801",
      eprint         = "1404.3392",
      archivePrefix  = "arXiv",
      primaryClass   = "hep-ex",
      reportNumber   = "FERMILAB-PUB-14-099-E",
      SLACcitation   = "%%CITATION = ARXIV:1404.3392;%%"
}

@article{Aaltonen:2013luz,
      author         = "Aaltonen, T. and others",
      title          = "{Measurement of $R = \mathcal{B}(t \rightarrow
                        Wb)/\mathcal{B}(t \rightarrow Wq)$ in Top--quark--pair
                        Decays using Lepton+jets Events and the Full CDF Run II
                        Data set}",
      collaboration  = "CDF",
      journal        = "Phys. Rev.",
      volume         = "D87",
      year           = "2013",
      number         = "11",
      pages          = "111101",
      doi            = "10.1103/PhysRevD.87.111101",
      eprint         = "1303.6142",
      archivePrefix  = "arXiv",
      primaryClass   = "hep-ex",
      reportNumber   = "FERMILAB-PUB-13-083-E",
      SLACcitation   = "%%CITATION = ARXIV:1303.6142;%%"
}

@article{Aaboud:2017uqq,
      author         = "Aaboud, Morad and others",
      title          = "{Direct top-quark decay width measurement in the
                        $t\bar{t}$ lepton+jets channel at $\sqrt{s}=8 \rm{TeV}$
                        with the ATLAS experiment}",
      collaboration  = "ATLAS",
      year           = "2017",
      eprint         = "1709.04207",
      archivePrefix  = "arXiv",
      primaryClass   = "hep-ex",
      reportNumber   = "CERN-EP-2017-187",
      SLACcitation   = "%%CITATION = ARXIV:1709.04207;%%"
}

@article{Aaltonen:2013kna,
      author         = "Aaltonen, Timo Antero and others",
      title          = "{Direct Measurement of the Total Decay Width of the Top
                        Quark}",
      collaboration  = "CDF",
      journal        = "Phys. Rev. Lett.",
      volume         = "111",
      year           = "2013",
      number         = "20",
      pages          = "202001",
      doi            = "10.1103/PhysRevLett.111.202001",
      eprint         = "1308.4050",
      archivePrefix  = "arXiv",
      primaryClass   = "hep-ex",
      reportNumber   = "FERMILAB-PUB-13-324-E",
      SLACcitation   = "%%CITATION = ARXIV:1308.4050;%%"
}

@article{Aaltonen:2010ea,
      author         = "Aaltonen, T. and others",
      title          = "{Direct Top-Quark Width Measurement at CDF}",
      collaboration  = "CDF",
      journal        = "Phys. Rev. Lett.",
      volume         = "105",
      year           = "2010",
      pages          = "232003",
      doi            = "10.1103/PhysRevLett.105.232003",
      eprint         = "1008.3891",
      archivePrefix  = "arXiv",
      primaryClass   = "hep-ex",
      reportNumber   = "FERMILAB-PUB-10-328-E",
      SLACcitation   = "%%CITATION = ARXIV:1008.3891;%%"
}

@article{ATLAS:1502664,
      author        = "{ATLAS collaboration}",
      title         = "{Letter of Intent for the Phase-II Upgrade of the ATLAS
                       Experiment}",
      journal        = "CERN-LHCC-2012-022. LHCC-I-023",
      year          = "2012"
}

@article{CMSCollaboration:2015zni,
      author         = "{CMS collaboration}",
      title          = "{Technical Proposal for the Phase-II Upgrade of the CMS
                        Detector}",
      year           = "2015",
      journal   = "CERN-LHCC-2015-010, LHCC-P-008, CMS-TDR-15-02"
}

@article{Kidonakis:2015nna,
      author         = "Kidonakis, Nikolaos",
      title          = "{Theoretical results for electroweak-boson and single-top
                        production}",
      booktitle      = "{Proceedings, 23rd International Workshop on
                        Deep-Inelastic Scattering and Related Subjects (DIS 2015):
                        Dallas, Texas, USA, April 27-May 01, 2015}",
      journal        = "PoS",
      volume         = "DIS2015",
      year           = "2015",
      pages          = "170",
      eprint         = "1506.04072",
      archivePrefix  = "arXiv",
      primaryClass   = "hep-ph",
      SLACcitation   = "%%CITATION = ARXIV:1506.04072;%%"
}

@article{Buckley:2015lku,
      author         = "Buckley, Andy and Englert, Christoph and Ferrando, James
                        and Miller, David J. and Moore, Liam and Russell, Michael
                        and White, Chris D.",
      title          = "{Constraining top quark effective theory in the LHC Run
                        II era}",
      journal        = "JHEP",
      volume         = "04",
      year           = "2016",
      pages          = "015",
      doi            = "10.1007/JHEP04(2016)015",
      eprint         = "1512.03360",
      archivePrefix  = "arXiv",
      primaryClass   = "hep-ph",
      SLACcitation   = "%%CITATION = ARXIV:1512.03360;%%"
}

@article{CMS-PAS-FTR-16-002,
      title         = "{Projected performance of Higgs analyses at the HL-LHC for
                       ECFA 2016}",
      collaboration = "CMS",
      journal        = "CMS-PAS-FTR-16-002",
      year          = "2017"
}

@article{CMS-PAS-FTR-13-016,
      title         = "{Projections for Top FCNC Searches in 3000/fb at the LHC}",
      collaboration = "CMS",
      journal        = "CMS-PAS-FTR-13-016",
      year          = "2013"
}


@article{Campbell:2009ss,
      author         = "Campbell, John M. and Frederix, Rikkert and Maltoni,
                        Fabio and Tramontano, Francesco",
      title          = "{Next-to-Leading-Order Predictions for t-Channel
                        Single-Top Production at Hadron Colliders}",
      journal        = "Phys. Rev. Lett.",
      volume         = "102",
      year           = "2009",
      pages          = "182003",
      doi            = "10.1103/PhysRevLett.102.182003",
      eprint         = "0903.0005",
      archivePrefix  = "arXiv",
      primaryClass   = "hep-ph",
      SLACcitation   = "%%CITATION = ARXIV:0903.0005;%%"
}
